@article{marquisetal:2018,
    author          = {Marquis, Marie and Talbot, Annie and Sabourin, Am√©lie and Riopel, Chantal},
    journal         = {International Journal of Consumer Studies},
    number          = {1},
    title           = {Exploring the environmental, personal and behavioural factors as determinants for university students' food behaviour},
    volume          = {43},
    year            = {2018},
    pages           = {113--122},
    doi             = {10.1111/ijcs.12490}
}

@inproceedings{singhanddwivedi:2023,
    author          = {Singh, Reetu and Dwivedi, Pragya},
    booktitle       = {2023 14th International Conference on Computing Communication and Networking Technologies (ICCCNT)},
    title           = {Food Recommendation Systems Based On Content-based and Collaborative Filtering Techniques},
    year            = {2023},
    pages           = {1--5},
    doi             = {10.1109/ICCCNT56998.2023.10307080}
}

@misc{thongthanomkul:2020,
    author       = {Ekkalak, Thongthanomkul},
    howpublished = {\url{https://life.wongnai.com/wongnai-search-improvement-using-machine-learning-part1-e0777b65979e/}},
    title        = {Wongnai Search Improvement using Machine Learning},
    note         = {Accessed: 2024-03-15},
}

@misc{wongnaicorpus:github,
    author       = {Wongnai},
    howpublished = {\url{https://github.com/wongnai/wongnai-corpus/}},
    title        = {Wongnai Corpus Repository},
    note         = {Accessed: 2024-03-15}
}

@misc{sangwan:2023,
    author       = {Deepak, Sangwan},
    howpublished = {\url{https://www.linkedin.com/pulse/case-study-harnessing-ai-personalized-customer-success-deepak-sangwan/}},
    title        = {Case Study: Harnessing {AI} for Personalized Customer Experiences: {StarBucks'} Success Story},
    note         = {Accessed: 2024-03-17}
}

@misc{netflix:2022,
    author       = {Netflix},
    howpublished = {\url{https://netflixtechblog.medium.com/recsysops-best-practices-for-operating-a-large-scale-recommender-system-95bbe195a841/}},
    title        = {{RecSysOps}: Best Practices for Operating a Large-Scale Recommender System},
    note         = {Accessed: 2024-03-17}
}

@article{bansalandbaliyan:2023,
    author          = {Saumya, Bansal and Niyati, Baliyan},
    journal         = {Journal of Ambient Intelligence and Humanized Computing},
    title           = {Remembering past and predicting future: a hybrid recurrent neural network based recommender system},
    volume          = {14},
    pages           = {16025--16036},
    year            = {2023},
    doi             = {10.1007/s12652-022-04375-x},
}

@misc{rustlangstyleguide,
    author        = {Rust Lang Contributors},
    howpublished  = {\url{https://doc.rust-lang.org/1.0.0/style/style/naming/README.html}},
    title         = {Naming conventions},
    note          = {Accessed: 2025-02-16}
}

@misc{airbnbreactstyleguide,
    author        = {Airbnb},
    howpublished  = {\url{https://github.com/airbnb/javascript/blob/master/react/README.md}},
    title         = {Airbnb React/JSX Style Guide},
    note          = {Accessed: 2025-02-16}
}

@misc{protobufstyleguide,
    author        = {Google},
    howpublished  = {\url{https://protobuf.dev/programming-guides/style/}},
    title         = {Style Guide},
    note          = {Accessed: 2025-02-16}
}

@misc{lowphansirikul2021wangchanberta,
    title={WangchanBERTa: Pretraining transformer-based Thai Language Models}, 
    author={Lalita Lowphansirikul and Charin Polpanumas and Nawat Jantrakulchai and Sarana Nutanong},
    year={2021},
    eprint={2101.09635},
    archivePrefix={arXiv},
    primaryClass={cs.CL}
}

@misc{farrp_allergen_chart,
    author = {Food Allergy Research and Resource Program (FARRP)},
    title = {International Food Allergen Labeling Regulations Chart},
    url = {https://farrp.unl.edu/IRChart/},
    note = {Accessed: 2025-02-04, Last updated: 2024-08-13}
}